<record><leader>00000cas a22000007a 4500</leader><controlfield tag="001">21664022</controlfield><controlfield tag="008">900601d19191928gauwr ne      0    0eng d</controlfield><datafield ind1=" " ind2=" " tag="010"><subfield code="a">sn 90052230 </subfield></datafield><datafield ind1=" " ind2=" " tag="040"><subfield code="a">NLG</subfield><subfield code="b">eng</subfield><subfield code="c">NLG</subfield><subfield code="d">OCLCQ</subfield></datafield><datafield ind1=" " ind2=" " tag="042"><subfield code="a">msc</subfield></datafield><datafield ind1="0" ind2="0" tag="245"><subfield code="a">Clayton County news.</subfield></datafield><datafield ind1="1" ind2="3" tag="246"><subfield code="a">Clayton County news and farmer</subfield></datafield><datafield ind1=" " ind2=" " tag="260"><subfield code="a">Jonesboro, Ga. :</subfield><subfield code="b">J.E. Mundy</subfield></datafield><datafield ind1=" " ind2=" " tag="300"><subfield code="a">v.</subfield></datafield><datafield ind1=" " ind2=" " tag="310"><subfield code="a">Weekly</subfield></datafield><datafield ind1="1" ind2=" " tag="362"><subfield code="a">Began with June 6, 1919 issue.</subfield></datafield><datafield ind1="0" ind2=" " tag="362"><subfield code="a">-v. 6 (Feb. 10, 1928).</subfield></datafield><datafield ind1=" " ind2=" " tag="500"><subfield code="a">Issue for Feb. 1, 1928 published as: Clayton County news and farmer.</subfield></datafield><datafield ind1=" " ind2=" " tag="588"><subfield code="a">Description based on: Vol. 1, no. 2 (June 13, 1919).</subfield></datafield><datafield ind1=" " ind2=" " tag="752"><subfield code="a">United States</subfield><subfield code="b">Georgia</subfield><subfield code="c">Clayton</subfield><subfield code="d">Jonesboro.</subfield></datafield><datafield ind1="0" ind2="0" tag="780"><subfield code="t">Jonesboro news (Jonesboro, Ga. : 1913)</subfield><subfield code="w">(DLC)sn 90052229</subfield></datafield><datafield ind1="0" ind2="0" tag="785"><subfield code="t">Clayton County news and farmer</subfield><subfield code="w">(DLC)sn 89053526</subfield></datafield><datafield ind1="1" ind2=" " tag="029"><subfield code="a">AU@</subfield><subfield code="b">000025856302</subfield></datafield></record>